@article{kazmouz21,
author = {S. J. Kazmouz and D. C. Haworth and P. Lillo and V. Sick},
title = {Large-eddy simulations of a stratified-charge direct-injection spark-ignition engine: Comparison with experiment and analysis of cycle-to-cycle variations},
journal = {Proc. Combust. Inst.},
volume={38},
pages ={5859--5857},
year = {2021}
}

@techreport{kee80,
title={{CHEMKIN}: A General-Purpose, Problem-Independent, Transportable, {FORTRAN} Chemical Kinetics Code Package},
author={R. J. Kee and J. A. Miller and T. H. Jefferson},
year={1980},
number={SAND80-8003},
institution={Sandia National Laboratories}
}

@article{abianeh2015development,
title={Development of a New Skeletal Chemical Kinetic Mechanism for Ethanol Reference Fuel},
author={Abianeh, O Samimi},
journal={J. Eng. Gas Turb. Pow.},
volume={137},
number={6},
pages={061501},
year={2015},
publisher={American Society of Mechanical Engineers}
}

@article{wang2015reduced,
title={A reduced toluene reference fuel chemical kinetic mechanism for combustion and polycyclic-aromatic hydrocarbon predictions},
author={Wang, Hu and Yao, Mingfa and Yue, Zongyu and Jia, Ming and Reitz, Rolf D},
journal={Combust. Flame},
volume={162},
number={6},
pages={2390--2404},
year={2015},
publisher={Elsevier}
}

@article{andrae2009hcci,
title={{HCCI} experiments with gasoline surrogate fuels modeled by a semidetailed chemical kinetic model},
author={Andrae, Johan CG and Head, RA},
journal={Combust. Flame},
volume={156},
number={4},
pages={842--851},
year={2009},
publisher={Elsevier}
}

@article{andrae2008development,
title={Development of a detailed kinetic model for gasoline surrogate fuels},
author={Andrae, Johan CG},
journal={Fuel},
volume={87},
number={10-11},
pages={2013--2022},
year={2008},
publisher={Elsevier}
}

@article{mayer96,
author = {W. Mayer and H. Tamura},
title = {Propellant injection in a liquid oxygen/gaseous hydrogen rocket engine},
journal = {J. Prop. Power},
volume={12 (6)},
pages ={1137--1147},
year = {1996}
}

@article{westbrook84,
author = {C. K. Westbrook and F. L. Dryer},
title = {Chemical kinetic modeling of hydrocarbon combustion},
journal = {Prog. Energy Combust. Sci.},
volume={10 (1)},
pages ={1--57},
year = {1984}
}

@article{yetter91,
author = {R. A. Yetter and F. L. Dryer and H. Rabitz},
title = {A comprehensive reaction mechanism for carbon monoxide/hydrogen/oxygen kinetics},
journal = {Combust. Sci. Technol.},
volume={79},
pages ={97--1287},
year = {1991}
}

@book{hirschfelder64,
title = {Molecular Theory of Gases and Liquids},
author = {J. O. Hirschfelder and C. F. Curtiss and R. B. Bird},
publisher = {John Wiley and Sons, Inc.},
address = {New York, NY},
edition = {2},
year = {1964}
}
